<record><leader>00000cas a22000007a 4500</leader><controlfield tag="001">15245843</controlfield><controlfield tag="008">870226d19391979wiudn ne      0    0eng d</controlfield><datafield ind1=" " ind2=" " tag="010"><subfield code="a">sn 87082102 </subfield></datafield><datafield ind1=" " ind2=" " tag="040"><subfield code="a">NPV</subfield><subfield code="b">eng</subfield><subfield code="c">NPV</subfield><subfield code="d">OCLCQ</subfield></datafield><datafield ind1=" " ind2=" " tag="042"><subfield code="a">msc</subfield></datafield><datafield ind1="0" ind2=" " tag="130"><subfield code="a">Oshkosh daily northwestern (Oshkosh, Wis. : 1939)</subfield></datafield><datafield ind1="1" ind2="0" tag="245"><subfield code="a">Oshkosh daily northwestern.</subfield></datafield><datafield ind1="3" ind2="0" tag="246"><subfield code="a">Weekend northwestern</subfield></datafield><datafield ind1=" " ind2=" " tag="260"><subfield code="a">Oshkosh, Wis. :</subfield><subfield code="b">Oshkosh Northwestern Co.,</subfield><subfield code="c">1939-1979.</subfield></datafield><datafield ind1=" " ind2=" " tag="300"><subfield code="a">v.</subfield></datafield><datafield ind1=" " ind2=" " tag="310"><subfield code="a">Daily (except Sunday)</subfield></datafield><datafield ind1="0" ind2=" " tag="362"><subfield code="a">May 6, 1939-Oct. 27, 1979.</subfield></datafield><datafield ind1=" " ind2=" " tag="500"><subfield code="a">Issued on Saturdays as: Weekend northwestern.</subfield></datafield><datafield ind1=" " ind2=" " tag="580"><subfield code="a">Issued also in a Neenah-Menasha edition.</subfield></datafield><datafield ind1=" " ind2=" " tag="752"><subfield code="a">United States</subfield><subfield code="b">Wisconsin</subfield><subfield code="c">Winnebago</subfield><subfield code="d">Oshkosh.</subfield></datafield><datafield ind1="1" ind2=" " tag="775"><subfield code="t">Neenah Menasha daily northwestern</subfield><subfield code="w">(DLC)sn 87082104</subfield></datafield><datafield ind1="1" ind2=" " tag="775"><subfield code="t">Neenah Menasha northwestern</subfield><subfield code="w">(DLC)sn 87082105</subfield></datafield><datafield ind1="0" ind2="0" tag="780"><subfield code="t">Oshkosh northwestern (Oshkosh, Wis. : 1934 : Daily)</subfield><subfield code="w">(DLC)sn 87082101</subfield></datafield><datafield ind1="0" ind2="0" tag="785"><subfield code="t">Oshkosh northwestern (Oshkosh, Wis. : 1979 : Daily)</subfield><subfield code="w">(DLC)sn 87082103</subfield></datafield></record>